@incollection{bonomi2014fog,
	title={Fog computing: A platform for internet of things and analytics},
	author={Bonomi, Flavio and Milito, Rodolfo and Natarajan, Preethi and Zhu, Jiang},
	booktitle={Big Data and Internet of Things: A Roadmap for Smart Environments},
	pages={169--186},
	year={2014},
	publisher={Springer}
}



@inproceedings{bonomi2012fog,
	title={Fog computing and its role in the internet of things},
	author={Bonomi, Flavio and Milito, Rodolfo and Zhu, Jiang and Addepalli, Sateesh},
	booktitle={Proceedings of the first edition of the MCC workshop on Mobile cloud computing},
	pages={13--16},
	year={2012},
	organization={ACM}
}


@inproceedings{wu2010research,
	title={Research on the architecture of Internet of things},
	author={Wu, Miao and Lu, Ting-Jie and Ling, Fei-Yang and Sun, Jing and Du, Hui-Ying},
	booktitle={Advanced Computer Theory and Engineering (ICACTE), 2010 3rd International Conference on},
	volume={5},
	pages={V5--484},
	year={2010},
	organization={IEEE}
}

@inproceedings{Bonomi2012,
 author = {Bonomi, Flavio and Milito, Rodolfo and Zhu, Jiang and Addepalli, Sateesh},
 title = {Fog Computing and Its Role in the Internet of Things},
 booktitle = {Proceedings of the First Edition of the MCC Workshop on Mobile Cloud Computing},
 series = {MCC '12},
 year = {2012},
 isbn = {978-1-4503-1519-7},
 location = {Helsinki, Finland},
 pages = {13--16},
 numpages = {4},
 url = {http://doi.acm.org/10.1145/2342509.2342513},
 doi = {10.1145/2342509.2342513},
 acmid = {2342513},
 publisher = {ACM},
 address = {New York, NY, USA},
 keywords = {analytics, cloud computing, fog computing, iot, real time systems, software defined networks, wsan},
} 

@ARTICLE{Faruque2016energy, 
author={M. A. Al Faruque and K. Vatanparvar}, 
journal={IEEE Internet of Things Journal}, 
title={Energy Management-as-a-Service Over Fog Computing Platform}, 
year={2016}, 
volume={3}, 
number={2}, 
pages={161-169}, 
keywords={Internet of Things;cloud computing;distributed power generation;energy management systems;home automation;home computing;HEM;Internet of Things;IoT;ZNE;cloud computing;customized control-as-services;energy management-as-a-service;fog computing platform;home energy management;microgrid-level energy management;open source software/hardware;power generation;zero net energy;Computer architecture;Energy management;Hardware;Internet of things;Protocols;Temperature sensors;Control-as-a-service;Fog Computing;Home Energy Management;Internet of Things (IoT);Microgrid;fog computing;home energy management (HEM);microgrid;networking platform;software-as-a-service}, 
doi={10.1109/JIOT.2015.2471260}, 
ISSN={2327-4662}, 
month={April},}

@INPROCEEDINGS{Nazmudeen2016PLC, 
author={M. S. H. Nazmudeen and A. T. Wan and S. M. Buhari}, 
booktitle={2016 IEEE International Smart Cities Conference (ISC2)}, 
title={Improved throughput for Power Line Communication (PLC) for smart meters using fog computing based data aggregation approach}, 
year={2016}, 
volume={}, 
number={}, 
pages={1-4}, 
keywords={Big Data;carrier transmission on power lines;data aggregation;distributed processing;energy consumption;load forecasting;power engineering computing;smart meters;DAU;MDMS;PLC;centralized storage space;cleaner energy;data aggregation units;data collecting infrastructures;data processing infrastructures;data transmitting infrastructures;distributed data aggregation approach;energy demand forecasting;fog computing based data aggregation;greener energy;meter data management system;power line communication;smart grid;smart meters;Distributed;Fog Computing;PLC;Smart-Grid;Smart-meter;message level routing;throughput}, 
doi={10.1109/ISC2.2016.7580841}, 
ISSN={}, 
month={Sept},}


@INPROCEEDINGS{Okay2016smartgrid, 
author={F. Y. Okay and S. Ozdemir}, 
booktitle={2016 International Symposium on Networks, Computers and Communications (ISNCC)}, 
title={A fog computing based smart grid model}, 
year={2016}, 
volume={}, 
number={}, 
pages={1-6}, 
keywords={cloud computing;electric power generation;power distribution;power engineering computing;renewable energy sources;smart meters;smart power grids;cloud computing;electric generation;electricity information two-way flows;energy distribution system;fog computing based smart grid model;green power resources;renewable resources;smart meters;solar power;wind power;Cloud computing;Computational modeling;Data privacy;Reliability;Smart grids;Smart meters;cloud computing;fog computing;smart grid}, 
doi={10.1109/ISNCC.2016.7746062}, 
ISSN={}, 
month={May},}

@INPROCEEDINGS{Yan2016AMI, 
author={Y. Yan and W. Su}, 
booktitle={2016 IEEE/PES Transmission and Distribution Conference and Exposition (T D)}, 
title={A fog computing solution for advanced metering infrastructure}, 
year={2016}, 
volume={}, 
number={}, 
pages={1-4}, 
keywords={Big Data;computerised instrumentation;power engineering computing;smart meters;advanced metering infrastructure;big data explosion;centralized information processing architecture;fog computing solution;implantable data storage-and-processing solution;smart meters;Big data;Cloud computing;Computer architecture;Memory;Monitoring;Smart grids;Smart meters;Advanced Metering Infrastructure (AMI);Fog Computing;Smart Grid;Smart Meter;and Big Data}, 
doi={10.1109/TDC.2016.7519890}, 
ISSN={}, 
month={May},}

@INPROCEEDINGS{Aazam2014gateway, 
author={M. Aazam and E. N. Huh}, 
booktitle={2014 International Conference on Future Internet of Things and Cloud}, 
title={Fog Computing and Smart Gateway Based Communication for Cloud of Things}, 
year={2014}, 
volume={}, 
number={}, 
pages={464-470}, 
keywords={Internet of Things;cloud computing;internetworking;network servers;Cloud of Things;CoT;Internet of Things;IoT cloud computing integration;bulk data synchronization delay;bulk data upload delay;context-aware computing;data storage;data trimming;fog computing;jitter;power management;resource management;service creation;service discovery;service management;smart gateway based communication;smart network;ubiquitous;Cloud computing;Computer architecture;Internet of Things;Logic gates;Performance evaluation;Wireless sensor networks;CoT;IoT;cloud computing;fog computing;smart gateway}, 
doi={10.1109/FiCloud.2014.83}, 
ISSN={}, 
month={Aug},}

@Inbook{Satoh2013,
author="Satoh, Ichiro",
editor="Decker, Hendrik
and Lhotsk{\'a}, Lenka
and Link, Sebastian
and Basl, Josef
and Tjoa, A. Min",
title="A Framework for Data Processing at the Edges of Networks",
bookTitle="Database and Expert Systems Applications: 24th International Conference, DEXA 2013, Prague, Czech Republic, August 26-29, 2013. Proceedings, Part II",
year="2013",
publisher="Springer Berlin Heidelberg",
address="Berlin, Heidelberg",
pages="304--318",
abstract="This paper proposes a distributed processing framework inspired by MapReduce processing. It is unique to other distributed processing approaches to large-scale data, i.e., so-called big data, because it can locally process data maintained in distributed nodes, including sensor or database nodes with non-powerful computing capabilities connected through low-bandwidth networks. It introduces mobile agent technology so that it distributes data processing tasks to distributed nodes as a map step and aggregates their results by returning them to specified servers as a reduce step. The paper describes the architecture of the framework, its basic performance, and its applications.",
isbn="978-3-642-40173-2",
doi="10.1007/978-3-642-40173-2_25",
url="https://doi.org/10.1007/978-3-642-40173-2_25"
}


@INPROCEEDINGS{Cherrier2011, 
author={S. Cherrier and Y. M. Ghamri-Doudane and S. Lohier and G. Roussel}, 
booktitle={2011 International Conference on Internet of Things and 4th International Conference on Cyber, Physical and Social Computing}, 
title={D-LITe: Distributed Logic for Internet of Things Services}, 
year={2011}, 
volume={}, 
number={}, 
pages={16-24}, 
keywords={Internet;ubiquitous computing;D-LITe;Internet of things services;IoT applications;distributed logic;interconnected devices;network protocols;pervasive network;programming languages;universal framework;Computer architecture;Hardware;Internet;Presses;Protocols;Sensors;Zigbee;Distributed logic;Services Choreography Architecture;Web of Thing}, 
doi={10.1109/iThings/CPSCom.2011.33}, 
ISSN={}, 
month={Oct},}


@inproceedings{Hong2013,
 author = {Hong, Kirak and Lillethun, David and Ramachandran, Umakishore and Ottenw\"{a}lder, Beate and Koldehofe, Boris},
 title = {Mobile Fog: A Programming Model for Large-scale Applications on the Internet of Things},
 booktitle = {Proceedings of the Second ACM SIGCOMM Workshop on Mobile Cloud Computing},
 series = {MCC '13},
 year = {2013},
 isbn = {978-1-4503-2180-8},
 location = {Hong Kong, China},
 pages = {15--20},
 numpages = {6},
 url = {http://doi.acm.org/10.1145/2491266.2491270},
 doi = {10.1145/2491266.2491270},
 acmid = {2491270},
 publisher = {ACM},
 address = {New York, NY, USA},
 keywords = {cloud computing, fog computing, future internet applications, internet of things, programming model, situation awareness applications},
} 

@INPROCEEDINGS{Chen2017, 
author={Y. C. Chen and Y. C. Chang and C. H. Chen and Y. S. Lin and J. L. Chen and Y. Y. Chang}, 
booktitle={2017 International Conference on Applied System Innovation (ICASI)}, 
title={Cloud-fog computing for information-centric Internet-of-Things applications}, 
year={2017}, 
volume={}, 
number={}, 
pages={637-640}, 
keywords={Internet of Things;cloud computing;processor scheduling;quality of service;real-time systems;resource allocation;software architecture;QoS;cloud computing load reduction;cloud resource dispatch optimization;cloud-fog computing architecture;cloud-fog simulation environment;computing resource scheduling;fog resource dispatch optimization;information-centric Internet-of-Things applications;information-centric IoT applications;innovative scheduling;job classification;quality of service;real-time IoT applications;resource scheduling functions;Cloud computing;Computer architecture;Conferences;Edge computing;Processor scheduling;Quality of service;Resource management;Cloud-Fog Computing;Information-Centric Networking;Internet-of-Things (IoT);Quality-of-Service (QoS)}, 
doi={10.1109/ICASI.2017.7988506}, 
ISSN={}, 
month={May},}

@INPROCEEDINGS{Souza2016, 
author={V. B. C. Souza and W. Ramírez and X. Masip-Bruin and E. Marín-Tordera and G. Ren and G. Tashakor}, 
booktitle={2016 IEEE International Conference on Communications (ICC)}, 
title={Handling service allocation in combined Fog-cloud scenarios}, 
year={2016}, 
volume={}, 
number={}, 
pages={1-5}, 
keywords={Internet of Things;cloud computing;integer programming;minimisation;quality of service;CFC architecture;Internet of Things;IoT;QoS-aware service allocation problem;combined fog-cloud scenario;end-user device;handling service allocation;heterogeneous services;integer optimization problem;latency minimization;Cloud computing;Computer architecture;Delays;Internet of things;Mathematical model;Resource management;Topology;Combined Fog-Cloud;Internet of Things;IoT Service Allocation}, 
doi={10.1109/ICC.2016.7511465}, 
ISSN={}, 
month={May},}

@INPROCEEDINGS{Aazam2014, 
author={M. Aazam and I. Khan and A. A. Alsaffar and E. N. Huh}, 
booktitle={Proceedings of 2014 11th International Bhurban Conference on Applied Sciences Technology (IBCAST) Islamabad, Pakistan, 14th - 18th January, 2014}, 
title={Cloud of Things: Integrating Internet of Things and cloud computing and the issues involved}, 
year={2014}, 
volume={}, 
number={}, 
pages={414-419}, 
keywords={Internet of Things;cloud computing;ubiquitous computing;Internet-of-Things;IoT;cloud computing integration;cloud-of-things;storage capacity;ubiquitous computing;virtual resource utilization;Business;Cloud computing;Computer architecture;Logic gates;Protocols;Sensors;CoT;IoT;IoT and CoT issues;cloud computing}, 
doi={10.1109/IBCAST.2014.6778179}, 
ISSN={2151-1403}, 
month={Jan},}

@INPROCEEDINGS{Yiming2016, 
author={Yiming Xu and V. Mahendran and S. Radhakrishnan}, 
booktitle={2016 8th International Conference on Communication Systems and Networks (COMSNETS)}, 
title={Towards SDN-based fog computing: MQTT broker virtualization for effective and reliable delivery}, 
year={2016}, 
volume={}, 
number={}, 
pages={1-6}, 
keywords={Internet of Things;computer network performance evaluation;computer network reliability;data analysis;message passing;protocols;queueing theory;software defined networking;telecommunication switching;telemetry;virtualisation;Internet of Things;IoT protocol;MQTT broker virtualization;SDN-based fog computing;data analytics;edge-switches;independent data-plane computational features;message queuing telemetry transport;message-based analytics;post-delivery analytics;reliable message delivery;software-defined networking;switch-embedded brokers;transport services;Big data;Computer architecture;Conferences;Control systems;Performance evaluation;Ports (Computers);Throughput}, 
doi={10.1109/COMSNETS.2016.7439974}, 
ISSN={}, 
month={Jan},}

@INPROCEEDINGS{Hong2016, 
author={H. J. Hong and P. H. Tsai and C. H. Hsu}, 
booktitle={2016 18th Asia-Pacific Network Operations and Management Symposium (APNOMS)}, 
title={Dynamic module deployment in a fog computing platform}, 
year={2016}, 
volume={}, 
number={}, 
pages={1-6}, 
keywords={Internet of Things;cloud computing;computer centres;telecommunication traffic;virtualisation;Internet;Internet of Things networks;IoT applications;IoT devices;IoT networks;data centers;dynamic module deployment;edge networks;end devices;fog computing platform;network traffic reduction;optimal algorithm;program deployment problem;virtualization technologies}, 
doi={10.1109/APNOMS.2016.7737202}, 
ISSN={}, 
month={Oct},}


@article{Johnston2004,
 author = {Johnston, Wesley M. and Hanna, J. R. Paul and Millar, Richard J.},
 title = {Advances in Dataflow Programming Languages},
 journal = {ACM Comput. Surv.},
 issue_date = {March 2004},
 volume = {36},
 number = {1},
 month = mar,
 year = {2004},
 issn = {0360-0300},
 pages = {1--34},
 numpages = {34},
 url = {http://doi.acm.org/10.1145/1013208.1013209},
 doi = {10.1145/1013208.1013209},
 acmid = {1013209},
 publisher = {ACM},
 address = {New York, NY, USA},
 keywords = {Dataflow, co-ordination languages, component software, data flow visual programming, graphical programming, multithreading, software engineering},
} 

@INPROCEEDINGS{Blackstock2012, 
author={M. Blackstock and R. Lea}, 
booktitle={2012 3rd IEEE International Conference on the Internet of Things}, 
title={IoT mashups with the WoTKit}, 
year={2012}, 
volume={}, 
number={}, 
pages={159-166}, 
keywords={Internet;Internet of Things;Internet of things;Internet-enabled things;IoT mashup toolkits;IoT mashups development;Web of things toolkit;Web-centric IoT toolkits;WoTKit;connected physical world;Logic gates;Mashups;Process control}, 
doi={10.1109/IOT.2012.6402318}, 
ISSN={}, 
month={Oct},}

@INPROCEEDINGS{Giang2015, 
author={N. K. Giang and M. Blackstock and R. Lea and V. C. M. Leung}, 
booktitle={2015 5th International Conference on the Internet of Things (IOT)}, 
title={Developing IoT applications in the Fog: A Distributed Dataflow approach}, 
year={2015}, 
volume={}, 
number={}, 
pages={155-162}, 
keywords={Internet of Things;cloud computing;data flow computing;visual programming;DDF programming model;IoT applications;cloud computing;distributed Node-RED;distributed dataflow programming model;flow-based model;fog computing paradigm;heterogeneous devices;tightly coupled perception-action cycle;visual programming tool;Buildings;Cloud computing;Computational modeling;Internet of things;Logic gates;Programming;Scalability;Distributed dataflow;Internet of Things;Node-RED;Programming models}, 
doi={10.1109/IOT.2015.7356560}, 
ISSN={}, 
month={Oct},}

@article{ibm,
author={\text{IBM Company}},
journal={Available from \url{http://nodered.org/}},
}

@INPROCEEDINGS{Szydlo2017, 
author={T. Szydlo and R. Brzoza-Woch and J. Sendorek and M. Windak and C. Gniady}, 
booktitle={2017 IEEE 26th International Conference on Enabling Technologies: Infrastructure for Collaborative Enterprises (WETICE)}, 
title={Flow-Based Programming for IoT Leveraging Fog Computing}, 
year={2017}, 
volume={}, 
number={}, 
pages={74-79}, 
keywords={Internet of Things;cloud computing;data flow analysis;resource allocation;IoT responsiveness;cloud computing;computational resources;constrained resources;data flow transformation;flow-based programming;fog computing;heterogeneous IoT devices;network bandwidth optimization;Cloud computing;Data processing;Edge computing;Image color analysis;Programming;Sensors}, 
doi={10.1109/WETICE.2017.17}, 
ISSN={}, 
month={June},}







































































































































































































