@article{r1,
	author={\text{Service Name and Transport Protocol Port Number Registry}},
	journal={Available from \url{https://www.iana.org/assignments/service-names-port-numbers}},
}

@inproceedings{r2,
 author = {Sherry, Justine and Lan, Chang and Popa, Raluca Ada and Ratnasamy, Sylvia},
 title = {BlindBox: Deep Packet Inspection over Encrypted Traffic},
 booktitle = {Proceedings of the 2015 ACM Conference on Special Interest Group on Data Communication},
 series = {SIGCOMM '15},
 year = {2015},
 isbn = {978-1-4503-3542-3},
 location = {London, United Kingdom},
 pages = {213--226},
 numpages = {14},
 url = {http://doi.acm.org/10.1145/2785956.2787502},
 doi = {10.1145/2785956.2787502},
 acmid = {2787502},
 publisher = {ACM},
 address = {New York, NY, USA},
 keywords = {middlebox privacy, network privacy, searchable encryption},
} 

@ARTICLE{r3, 
author={A. {Dainotti} and A. {Pescape} and K. C. {Claffy}}, 
journal={IEEE Network}, 
title={Issues and future directions in traffic classification}, 
year={2012}, 
volume={26}, 
number={1}, 
pages={35-40}, 
keywords={computer network security;Internet;pattern classification;telecommunication network reliability;telecommunication traffic;traffic classification;service differentiation;network design;security;Internet;reliability;privacy;Feature extraction;Telecommunication traffic;Payloads;Internet;Classification algorithms;Machine learning}, 
doi={10.1109/MNET.2012.6135854}, 
ISSN={0890-8044}, 
month={January},
}

@article{r4,
	author = {Velan, Petr and \v{C}erm\'{a}k, Milan and \v{C}eleda, Pavel and Dra\v{s}ar, Martin},
	title = {A Survey of Methods for Encrypted Traffic Classification and Analysis},
	journal = {Netw.},
	issue_date = {September 2015},
	volume = {25},
	number = {5},
	month = sep,
	year = {2015},
	issn = {0028-3045},
	pages = {355--374},
	numpages = {20},
	url = {http://dx.doi.org/10.1002/nem.1901},
	doi = {10.1002/nem.1901},
	acmid = {2885173},
	publisher = {Wiley-Interscience},
	address = {New York, NY, USA},
	keywords = {encrypted traffic, encryption protocols, machine learning, monitoring, network, traffic analysis, traffic classification},
} 

@ARTICLE{r5, 
author={M. {Shen} and M. {Wei} and L. {Zhu} and M. {Wang}}, 
journal={IEEE Transactions on Information Forensics and Security}, 
title={Classification of Encrypted Traffic With Second-Order Markov Chains and Application Attribute Bigrams}, 
year={2017}, 
volume={12}, 
number={8}, 
pages={1830-1843}, 
keywords={cryptographic protocols;Markov processes;SSL-TLS sessions;attribute-aware encrypted traffic classification method;second-order homogeneous Markov chains;certificate packet length;encryption transmission protocols;application attribute bigrams;Markov processes;Servers;Protocols;Ciphers;Payloads;Encrypted traffic classification;second-order Markov chain;SSL/TLS;certificate;application data}, 
doi={10.1109/TIFS.2017.2692682}, 
ISSN={1556-6013}, 
month={Aug},
}

@ARTICLE{r6, 
	author={M. Finsterbusch and C. Richter and E. Rocha and J. A. Muller and K. Hanssgen}, 
	journal={IEEE Communications Surveys Tutorials}, 
	title={A Survey of Payload-Based Traffic Classification Approaches}, 
	year={2014}, 
	volume={16}, 
	number={2}, 
	pages={1135-1156}, 
	keywords={Internet;pattern classification;telecommunication traffic;DPI schemes;Internet protocols;Internet traffic classification;deep-packet inspection;open-source DPI modules;payload-based traffic classification approach;port-based classification approach;statistical-based classification approach;Accuracy;Algorithm design and analysis;Internet;Machine learning algorithms;Ports (Computers);Protocols;Vectors;Internet traffic identification;Open source software;Performance evaluation}, 
	doi={10.1109/SURV.2013.100613.00161}, 
	ISSN={1553-877X}, 
	month={Second},
}

@INPROCEEDINGS{r7, 
author={G. {Aceto} and D. {Ciuonzo} and A. {Montieri} and A. {Pescap√©}}, 
booktitle={2018 Network Traffic Measurement and Analysis Conference (TMA)}, 
title={Mobile Encrypted Traffic Classification Using Deep Learning}, 
year={2018}, 
volume={}, 
number={}, 
pages={1-8}, 
keywords={cryptography;data privacy;feature extraction;learning (artificial intelligence);mobile computing;mobile radio;pattern classification;telecommunication traffic;mobile-traffic patterns;hand-held devices;mobile traffic volumes;enterprise networks;highly-valuable profiling information;encrypted protocols;deep packet inspection;automatically-extracted features;mobile encrypted traffic classification;deep learning;machine learning;traffic classifiers;privacy issues;Internet;mobile applications;human user activity;Cryptography;Payloads;Protocols;Feature extraction;Performance evaluation;IP networks;traffic classification;mobile apps;Android apps;iOS apps;encrypted traffic;deep learning;automatic feature extraction}, 
doi={10.23919/TMA.2018.8506558}, 
ISSN={}, 
month={June},}

@INPROCEEDINGS{r8, 
author={Wang Pan,Chen Xuejiao}, 
title={Encrypted traffic identification method based on stacked automatic encoder}, 
year={2018}, 
Journal={Computer Engineering},
volume={}, 
number={}, 
pages={1-8}, 
keywords={encrypted traffic identification;deep learning;Stacked Autoencoder(SAE);traffic classification;Multilayer Perceptron(MLP);Convolutional Neural Network(CNN)}, 
doi={}, 
ISSN={}, 
month={},
}

@ARTICLE{r9, 
author={P. {Wang} and F. {Ye} and X. {Chen} and Y. {Qian}}, 
journal={IEEE Access}, 
title={Datanet: Deep Learning Based Encrypted Network Traffic Classification in SDN Home Gateway}, 
year={2018}, 
volume={6}, 
number={}, 
pages={55380-55391}, 
keywords={computer network management;convolution;cryptography;home automation;Internet;internetworking;learning (artificial intelligence);multilayer perceptrons;pattern classification;quality of service;resource allocation;software defined networking;telecommunication traffic;smart devices;home automation devices;smart home access;SDN controller;network quality-of-service management;distributed smart homes;access network;end-to-end network management;convolutional neural networks;distributed application-aware SDN-HGW;SDN home gateway;stacked autoencoder;multilayer perceptron;encrypted data classifiers;resource allocation;real-time traffic monitoring;distributed smart home networks;Internet;home gateway;deep learning based encrypted network traffic classification;Datanet;software-defined network-HGW framework;Smart homes;Cryptography;Machine learning;Quality of service;Logic gates;Smart devices;Encrypted traffic classification;home gateway;distributed network management;deep learning;SDN}, 
doi={10.1109/ACCESS.2018.2872430}, 
ISSN={2169-3536}, 
month={},}

@INPROCEEDINGS{r10, 
author={ {Wei Wang} and {Ming Zhu} and {Xuewen Zeng} and {Xiaozhou Ye} and {Yiqiang Sheng}}, 
booktitle={2017 International Conference on Information Networking (ICOIN)}, 
title={Malware traffic classification using convolutional neural network for representation learning}, 
year={2017}, 
volume={}, 
number={}, 
pages={712-717}, 
keywords={invasive software;learning (artificial intelligence);neural nets;pattern classification;malware traffic classification;convolutional neural network;representation learning;network based intrusion detection system;network security domain;artificial intelligence perspective;hand-designed features;raw traffic data;Malware;Feature extraction;Artificial intelligence;IP networks;Image classification;Ports (Computers);Neural networks;traffic classification;convolutional neural network;representation learning;network anomaly detection;intrusion detection system}, 
doi={10.1109/ICOIN.2017.7899588}, 
ISSN={}, 
month={Jan},}

@ARTICLE{r11,
author = {{Goodfellow}, Ian J. and {Pouget-Abadie}, Jean and {Mirza}, Mehdi and
{Xu}, Bing and {Warde-Farley}, David and {Ozair}, Sherjil and
{Courville}, Aaron and {Bengio}, Yoshua},
title = "{Generative Adversarial Networks}",
journal = {arXiv e-prints},
keywords = {Statistics - Machine Learning, Computer Science - Machine Learning},
year = "2014",
month = "Jun",
eid = {arXiv:1406.2661},
pages = {arXiv:1406.2661},
archivePrefix = {arXiv},
eprint = {1406.2661},
primaryClass = {stat.ML},
adsurl = {https://ui.adsabs.harvard.edu/abs/2014arXiv1406.2661G},
adsnote = {Provided by the SAO/NASA Astrophysics Data System}
}



@ARTICLE{r12,
author = {{Mirza}, Mehdi and {Osindero}, Simon},
title = "{Conditional Generative Adversarial Nets}",
journal = {arXiv e-prints},
keywords = {Computer Science - Machine Learning, Computer Science - Artificial Intelligence, Computer Science - Computer Vision and Pattern Recognition, Statistics - Machine Learning},
year = "2014",
month = "Nov",
eid = {arXiv:1411.1784},
pages = {arXiv:1411.1784},
archivePrefix = {arXiv},
eprint = {1411.1784},
primaryClass = {cs.LG},
adsurl = {https://ui.adsabs.harvard.edu/abs/2014arXiv1411.1784M},
adsnote = {Provided by the SAO/NASA Astrophysics Data System}
}

@inproceedings{r13,
author = {Vu, Ly and Van Tra, Dong and Nguyen, Quang Uy},
title = {Learning from Imbalanced Data for Encrypted Traffic Identification Problem},
booktitle = {Proceedings of the Seventh Symposium on Information and Communication Technology},
series = {SoICT '16},
year = {2016},
isbn = {978-1-4503-4815-7},
location = {Ho Chi Minh City, Vietnam},
pages = {147--152},
numpages = {6},
url = {http://doi.acm.org/10.1145/3011077.3011132},
doi = {10.1145/3011077.3011132},
acmid = {3011132},
publisher = {ACM},
address = {New York, NY, USA},
keywords = {encrypted network traffic, imbalanced data, machine learning},
} 

@ARTICLE{r14,
author = {{Longadge}, Rushi and {Dongre}, Snehalata},
title = "{Class Imbalance Problem in Data Mining Review}",
journal = {arXiv e-prints},
keywords = {Computer Science - Machine Learning},
year = "2013",
month = "May",
eid = {arXiv:1305.1707},
pages = {arXiv:1305.1707},
archivePrefix = {arXiv},
eprint = {1305.1707},
primaryClass = {cs.LG},
adsurl = {https://ui.adsabs.harvard.edu/abs/2013arXiv1305.1707L},
adsnote = {Provided by the SAO/NASA Astrophysics Data System}
}

@article{r15,
author = {Chen, Chao and Breiman, Leo},
year = {2004},
month = {01},
pages = {},
title = {Using Random Forest to Learn Imbalanced Data},
journal = {University of California, Berkeley}
}

@article{r16,
 author = {Nguyen, Hien M. and Cooper, Eric W. and Kamei, Katsuari},
 title = {Borderline over\&\#45;Sampling for Imbalanced Data Classification},
 journal = {Int. J. Knowl. Eng. Soft Data Paradigm.},
 issue_date = {April 2011},
 volume = {3},
 number = {1},
 month = apr,
 year = {2011},
 issn = {1755-3210},
 pages = {4--21},
 numpages = {18},
 url = {http://dx.doi.org/10.1504/IJKESDP.2011.039875},
 doi = {10.1504/IJKESDP.2011.039875},
 acmid = {1972031},
 publisher = {Inderscience Publishers},
 address = {Inderscience Publishers, Geneva, SWITZERLAND},
} 

@inproceedings{r17,
 author = {Qin, Zhenxing and Zhang, Chengqi and Wang, Tao and Zhang, Shichao},
 title = {Cost Sensitive Classification in Data Mining},
 booktitle = {Proceedings of the 6th International Conference on Advanced Data Mining and Applications: Part I},
 series = {ADMA'10},
 year = {2010},
 isbn = {3-642-17315-2, 978-3-642-17315-8},
 location = {Chongqing, China},
 pages = {1--11},
 numpages = {11},
 url = {http://dl.acm.org/citation.cfm?id=1947599.1947601},
 acmid = {1947601},
 publisher = {Springer-Verlag},
 address = {Berlin, Heidelberg},
 keywords = {cost sensitive learning, misclassification cost, test cost},
} 

@inproceedings{r18,
 author = {Kim, Hyunchul and Claffy, KC and Fomenkov, Marina and Barman, Dhiman and Faloutsos, Michalis and Lee, KiYoung},
 title = {Internet Traffic Classification Demystified: Myths, Caveats, and the Best Practices},
 booktitle = {Proceedings of the 2008 ACM CoNEXT Conference},
 series = {CoNEXT '08},
 year = {2008},
 isbn = {978-1-60558-210-8},
 location = {Madrid, Spain},
 pages = {11:1--11:12},
 articleno = {11},
 numpages = {12},
 url = {http://doi.acm.org/10.1145/1544012.1544023},
 doi = {10.1145/1544012.1544023},
 acmid = {1544023},
 publisher = {ACM},
 address = {New York, NY, USA},
} 

@article{r19,
	author = {Guo, Hongyu and Viktor, Herna L.},
	title = {Learning from Imbalanced Data Sets with Boosting and Data Generation: The DataBoost-IM Approach},
	journal = {SIGKDD Explor. Newsl.},
	issue_date = {June 2004},
	volume = {6},
	number = {1},
	month = jun,
	year = {2004},
	issn = {1931-0145},
	pages = {30--39},
	numpages = {10},
	url = {http://doi.acm.org/10.1145/1007730.1007736},
	doi = {10.1145/1007730.1007736},
	acmid = {1007736},
	publisher = {ACM},
	address = {New York, NY, USA},
	keywords = {boosting, data mining, ensembles of classifiers, imbalanced data sets},
} 


@article{r20,
	author = {Chawla, Nitesh V. and Bowyer, Kevin W. and Hall, Lawrence O. and Kegelmeyer, W. Philip},
	title = {SMOTE: Synthetic Minority Over-sampling Technique},
	journal = {J. Artif. Int. Res.},
	issue_date = {January 2002},
	volume = {16},
	number = {1},
	month = jun,
	year = {2002},
	issn = {1076-9757},
	pages = {321--357},
	numpages = {37},
	url = {http://dl.acm.org/citation.cfm?id=1622407.1622416},
	acmid = {1622416},
	publisher = {AI Access Foundation},
	address = {USA},
} 

@inproceedings{r21,
  title={Characterization of encrypted and vpn traffic using time-related},
  author={Draper-Gil, Gerard and Lashkari, Arash Habibi and Mamun, Mohammad Saiful Islam and Ghorbani, Ali A},
  booktitle={Proceedings of the 2nd international conference on information systems security and privacy (ICISSP)},
  pages={407--414},
  year={2016}
}